2658 4674
355 207 377 260 Ν,
486 250 491 256 .

57 393 94 444 ,·
144 405 148 473 3
253 347 353 456 318-
432 337 633 482 Certamen
664 335 907 440 litterarium·
920 357 958 429 ιι
978 340 1167 460 praemia'

215 554 296 629 ita
328 571 397 626 uos
432 543 645 644 calamitatis
680 543 872 644 publicae.
903 548 985 645 'qna
1018 545 1286 628 Hannoueranae

145 723 157 748 .„
246 662 464 770 prouinciae
485 659 931 756 alilitlaecontabelcunt‚
961 663 1110 740 minima
1133 687 1208 764 pars
1232 690 1285 764 per

247 797 372 860 totum
391 776 495 852 bunc
524 795 664 850 annum
684 777 815 870 attigit.

210 929 223 944 ⁴
290 891 464 989 neque
498 887 686 964 fortunam
718 885 876 964 mutauit
897 887 1062 966 disteffus
1089 890 1213 972 sumni
1235 915 1282 968 ιο

31 985 33 1016 ⁵
116 979 124 996 ¹
195 1043 199 1058 ·
245 1012 405 1112 piaturu
421 1003 545 1086 ducis,
584 1001 743 1080 Eduardi
761 1005 934 1090 Mortin,
960 1007 1040 1101 qui-
1034 993 1086 1080 in
1118 1003 1280 1119 Frapcian

245 1124 387 1208 rediit,
411 1140 588 1213 nuncque
617 1117 666 1190 ad
695 1116 856 1222 lambros
886 1118 1036 1194 militiae
1066 1120 1219 1197 bonores
1242 1122 1280 1196 eil

216 1219 218 1239 '
242 1225 411 1328 euciius3
435 1234 560 1308 omnia
576 1229 650 1306 aba
669 1245 706 1308 et
721 1211 920 1308 bonimotla
933 1233 1052 1310 nostra
1071 1237 1143 1310 rat'a
1163 1234 1281 1316 babuit

242 1351 375 1432 litteris
406 1346 451 1423 ad
485 1367 556 1421 nos
589 1345 681 1420 datis
711 1315 1143 1426 humanillrmisanimos
1173 1352 1279 1430 erexit,

29 1527 32 1538 .
127 1450 134 1456 ’
200 1452 205 1462 ’
240 1479 321 1542 tum
343 1462 417 1562 ipsa
448 1482 488 1536 re
508 1458 715 1540 academiae
743 1459 1226 1561 incolumitatem-praestitit
1248 1466 1280 1546 is.

240 1582 307 1681 qui
340 1579 379 1674 in
410 1573 523 1650 duciu
554 1575 697 1654 summo
726 1577 916 1672 copiarum
945 1573 1195 1666 Francicarunr
1217 1577 1279 1652 luc·

161 1785 164 1794 J
240 1691 359 1780 eeffit.
392 1683 565 1792 Deffoller,
597 1689 899 1767 rirlruuaauitate
921 1705 958 1764 et
981 1693 1189 1789 integritate
1216 1692 1277 1764 lau·

158 1811 181 1884 ἰ
236 1805 463 1892 datitlimus..
499 1806 652 1903 iugenio
687 1803 816 1880 litteris
846 1803 1120 1884 liberalioribus
1151 1793 1278 1882 exculto

200 1949 204 1958 ·
238 1923 473 2023 conspicuus.
539 1919 827 1994 Memorandum
851 1940 1003 2015 quaque
1035 1922 1084 1996 est
1105 1921 1197 1997 aliud
1223 1943 1276 1994 uo·

217 2054 322 2116 uren
350 2034 469 2112 nostra
496 2032 604 2108 laude
624 2029 890 2127 digniffiuaum
920 2035 987 2108 riri
1010 2036 1127 2132 polita
1154 2036 1275 2112 cultura

235 2169 274 2228 et
304 2171 451 2224 morum
484 2146 666 2220 facilitate
691 2147 836 2232 eximii,
875 2146 1016 2234 Wrrle.
1065 2149 1275 2249 epraeieilis

88 2265 99 2296 ⁸·
134 2303 138 2327 ι
232 2265 398 2342 summis
416 2245 607 2363 copiatum
647 2248 904 2340 Francieatum
945 2283 1010 2359 per
1050 2260 1273 2362 Principatunr

232 2371 535 2486 Gottingensem,
566 2373 673 2450 cuius
706 2374 858 2462 litteris,
892 2375 1081 2472 adspersu,
1118 2377 1273 2460 sermone.

229 2473 382 2572 mirifice
402 2511 477 2564 nos
500 2503 682 2564 recreatos
703 2486 895 2580 leufimus:
920 2491 1125 2602 interdixit
1151 2490 1272 2569 illale-

102 2650 106 2667 .
230 2627 326 2688 vere.
350 2617 388 2682 et
403 2603 602 2702 diligenter
623 2583 733 2690 cauit
748 2626 810 2678 ne
834 2587 966 2680 rnilit'es
990 2610 1155 2704 propius,
1177 2628 1270 2704 quan

225 2717 370 2798 necelle
390 2715 494 2802 eilet,
526 2717 571 2794 ad
596 2739 727 2814 agrum
750 2720 868 2804 vrbis,
902 2721 939 2792 in
958 2720 1147 2815 praefidiis
1171 2719 1271 2796 collo

59 2853 62 2860 ’
107 2815 112 2840 ³
148 2823 151 2828 Δ
226 2849 416 2921 careatur,
441 2845 509 2908 aut
528 2833 655 2908 vrbem
684 2834 881 2918 intrarent,
896 2831 974 2908 nifi
998 2831 1214 2934 hul'pituus
1204 2855 1270 2911 ιιιιι

157 2946 177 2973 “’
224 2971 267 3060 aa
291 2971 415 3030 utute.
448 2943 523 3020 line
551 2947 656 3020 omni
683 2945 845 3022 molestia
874 2943 1004 3024 nostra.
1119 2993 1122 3001 ,

308 3059 515 3138 Constituta
540 3058 674 3136 hunc
664 3081 717 3136 ιιι
730 3058 884 3136 modum
913 3061 1121 3159 respublica
1154 3063 1267 3147 nullru

81 3241 85 3248 .
208 3131 391 3282 Ιιἰιιιιιιιιε
408 3172 587 3250 secundae
610 3195 697 3251 aura
721 3169 883 3257 afflante.
913 3161 1065 3252 elutiata
1090 3190 1163 3254 erat
1183 3174 1267 3253 hand

219 3295 344 3368 vnius
344 3288 505 3390 scopuli
533 3291 672 3366 minas
691 3302 729 3364 et
760 3288 872 3366 vada:
910 3311 996 3364 cum
1025 3293 1064 3366 in
1094 3291 1190 3368 aliud
1213 3279 1265 3365 ilia

169 3502 174 3512 ἱ
217 3405 411 3484 discrimen
441 3403 591 3488 incidit.
636 3397 833 3500 ingruente
845 3403 906 3477 ab
935 3405 1114 3500 aquilone
1141 3421 1265 3500 tempe

214 3519 322 3608 llate3
344 3532 457 3617 ¹qua,
503 3520 613 3603 etiarn
649 3513 858 3615 tranquillis
896 3519 1025 3601 rebus.
1069 3505 1178 3618 affligi
1211 3517 1264 3592 illa

213 3630 406 3732 potuillet,
442 3628 691 3730 praesentibus
714 3652 803 3728 vero
830 3631 939 3706 rebus
964 3629 1071 3710 facile
1098 3653 1171 3716 tota
1193 3632 1263 3706 iub·

212 3748 331 3844 mergi
354 3745 469 3822 videri
484 3747 621 3844 potuit.
681 3741 784 3828 Dum
811 3746 911 3820 eninr
936 3767 1001 3844 pet
1023 3745 1198 3834 Ruffiam,
1222 3745 1261 3822 sa·

34 3903 50 3928 ι
134 3896 142 3902 -
208 3857 419 3960 piebtillrmi
450 3855 684 3958 Imperatoris
711 3853 832 3944 iludiu
863 3857 1146 3947 tt'liberalitate
1171 3855 1261 3938 turra·

182 3975 295 4058 ¹bili,
326 3994 447 4046 nouae
467 3971 673 4048 academiae
702 3964 980 4064 condebantur.
1007 3979 1260 4056 innitebantur·

35 4151 39 4160 .
152 4149 154 4154 ,
205 4107 291 4188 que
308 4081 548 4163 eGerurania
571 4050 680 4164 lautis
707 4084 988 4170 conditionibus
1010 4093 1078 4174 riri
1107 4089 1199 4176 dnili
1215 4081 1257 4165 ad

1049 4208 1054 4220 “
1151 4219 1255 4282 nouas
