2674 4674
219 299 223 306 ’
306 298 643 416 Panegyricorum
674 315 853 390 numan.
1060 313 1116 432 3¹.

38 503 319 606 commentandi
342 501 489 584 officio:
528 527 614 590 cum
636 505 745 612 nulio
764 507 835 604 asia
864 506 908 595 ut
930 525 1111 611 opporru.

33 631 151 714 nitar
175 645 252 724 qua
275 643 412 722 corpus
439 597 691 701 academicum
718 599 1026 704 memorationem
1055 628 1109 706 sui

30 739 188 840 publice
208 737 326 843 saciat.
347 755 546 834 rerumque
573 733 719 827 suarum
744 737 841 814 nicer
864 737 1109 870 fortunasque
1209 742 1213 751 “

31 853 209 930 edoceat:
240 849 265 926 fi
297 848 444 949 prorsus
474 847 783 938 obmutescimus.
817 855 964 930 nomini
991 870 1029 930 et
1056 854 1109 930 sa·

30 991 117 1044 mae
153 963 367 1042 Academiae
404 963 643 1060 aliquantum
670 965 739 1038 erit
772 963 993 1054 detrusum,
1035 991 1106 1046 neo
1175 1015 1178 1022 ·

33 1103 172 1168 rerum,
197 1079 484 1154 academicarum
513 1076 668 1152 notitiae
699 1099 765 1174 per
796 1080 965 1180 vulgares
997 1079 1105 1161 sibel-

32 1196 97 1270 los
120 1191 313 1270 litterarius
333 1210 420 1274 eum
443 1191 521 1288 pari
539 1189 757 1286 dignatione
782 1191 951 1273 edenturz
1007 1196 1106 1274 Sub.

33 1309 107 1384 sata
133 1329 266 1408 porro,
301 1306 383 1405 post
413 1305 503 1388 alia,
538 1301 742 1380 ueccffirate
767 1303 836 1381 hae
860 1307 992 1394 satine.
1028 1306 1104 1392 hoe
1167 1351 1171 1361 ,

33 1424 94 1512 est,
123 1422 294 1498 sermone
321 1419 451 1499 litteris
475 1417 628 1494 erudiris
648 1415 874 1510 consecrato,
907 1416 1101 1512 scribendi,

32 1535 122 1637 quid
162 1534 342 1621 obstabit,
390 1553 468 1631 quo
509 1535 632 1608 minua
669 1531 797 1610 sensim
836 1551 980 1615 rantum
1022 1563 1102 1618 nna

33 1673 184 1728 omnem
215 1649 423 1724 litterarum
462 1646 658 1723 latinarum
697 1647 817 1733 vsum,
857 1664 894 1727 et
924 1671 1008 1730 eum
1037 1655 1101 1734 vsu

30 1766 264 1854 facultatem,
291 1758 523 1839 amittamur?
557 1763 623 1858 qui
651 1758 676 1836 fi
709 1763 854 1860 prorsus
881 1769 1100 1859 emicuerit,

32 1895 123 1978 quot
147 1894 186 1955 et
208 1891 350 1976 quanta
384 1875 469 1974 ipfis
505 1873 704 1972 disciplinis
735 1875 997 1975 superuenrura
1030 1881 1101 1960 fint
1137 1886 1142 1905 “

30 1995 272 2078 detrimenta.
319 2002 357 2066 et
400 1999 485 2066 ante
522 1985 715 2074 sensimus,
758 2005 796 2066 et
833 1991 873 2066 in
910 1997 1096 2092 posterum

29 2108 228 2184 sentiemus
261 2105 384 2182 musto
413 2104 544 2201 magis.
614 2100 803 2182 Praeterea
828 2129 952 2185 rerum
984 2133 1099 2210 expe·

30 2223 196 2300 timentis
229 2218 311 2315 satir
340 2207 461 2294 ednui
487 2216 631 2301 sumne,
661 2224 772 2316 quum
805 2224 1007 2319 periculosa
1039 2251 1097 2304 rer

31 2335 91 2424 sit,
130 2347 255 2412 vetera
290 2335 450 2411 instituta
485 2336 576 2408 ritus
612 2355 814 2462 'moresque
856 2339 902 2414 ab
940 2342 1098 2420 incautis

33 2451 211 2525 relaxari:
239 2448 345 2523 initio
368 2445 516 2524 scilicet
525 2447 604 2521 ab
595 2450 638 2520 ris
660 2447 764 2530 fasso.
797 2471 906 2548 quae.
928 2451 951 2529 si
970 2453 1097 2530 omisso

36 2563 191 2648 suerint,
206 2575 349 2660 autprn
366 2576 533 2656 tempore
557 2560 715 2642 nulium,
746 2577 900 2639 autnon
920 2589 1108 2664 magnumv
1138 2611 1140 2615 ·
1200 2583 1207 2592 ·

35 2677 88 2754 sui
127 2673 343 2754 desiderium
375 2687 548 2762 mouent,
594 2669 802 2770 progressus
835 2677 884 2750 est
919 2680 1100 2776 procliuia

34 2791 78 2868 ad
104 2791 175 2868 asia
215 2792 404 2890 grauiora,
452 2809 539 2865 cum
573 2780 686 2860 officii
715 2784 799 2862 nde
842 2803 880 2864 et
915 2789 1099 2892 religione

32 2904 241 2993 coniunua.
268 2919 305 2980 et
326 2903 491 2989 salubria,
521 2897 672 2979 molesta
695 2917 818 2978 tamen
838 2903 875 2980 es
896 2902 1100 3006 negotiosa,

35 3035 73 3096 vt
106 3043 148 3096 ea
169 3019 249 3118 pari
280 3017 361 3094 iure
378 3020 615 3095 omittantur.
683 3013 738 3092 sta
776 3019 924 3096 tandem
961 3027 1101 3114 euenit,

4 3147 71 3211 wrr
111 3137 254 3236 optima
283 3153 453 3230 quaeque
489 3131 650 3208 instituta
683 3130 849 3232 neglcssa
890 3133 1101 3238 euile'scant,

32 3244 314 3338 consenescant,
347 3247 658 3324 intermorianrur.
725 3245 815 3322 Sero
845 3261 924 3324 tum
953 3267 1102 3348 paratur

34 3364 216 3442 medicina
240 3355 369 3438 'masin
412 3363 485 3436 iam
504 3356 899 3460 “praeuascscentibum
952 3367 1102 3466 prisiina

37 3476 267 3576 disciplinae,
297 3474 443 3583 legum,
473 3474 742 3560 institutorum,
779 3474 941 3552 sanuitas
973 3477 1103 3558 frustra

36 3591 348 3684 desideratureet
380 3589 638 3691 munimentis,
670 3609 766 3686 quae
790 3589 927 3666 esuuiei
960 3595 1102 3670 obstare
1227 3670 1232 3687 s

36 3702 195 3804 possent,
236 3704 402 3809 prorutis
431 3703 511 3778 sero
542 3701 588 3780 de
623 3701 797 3778 struendo
835 3725 940 3784 nouo
973 3706 1103 3808 legum
1250 3710 1260 3722 '

38 3841 168 3918 aggere
191 3819 387 3916 cogitatur.
446 3795 557 3894 Hisce
585 3812 842 3916 fimilibusque
867 3821 1105 3918 cogitationi.

4 3933 102 4010 ¹bus
130 3931 299 4020 addussi,
303 3943 520 4036 quantum
554 3952 622 4030 pro
656 3931 786 4008 nostris
825 3937 1014 4028 partibus
1025 3935 1104 4012 sieri
1181 4033 1183 4038 ,

38 4049 166 4248 poltleosli.
177 4066 247 4247 ’Ῑιιιι
272 4044 411 4172 deserta
433 4040 552 4194 officia
578 4050 726 4235 ineFaute
753 4046 964 4128 omittendo
986 4021 1108 4236 postrrss
