2674 4674
4 4193 7 4306 l

318 319 652 455 Panrguri'cornm
674 337 864 446 33333333.
1068 333 1126 439 89

48 525 741 627 131311331333,’1113333’313331333313333
771 551 960 608 venamur.
1031 529 1125 612 Inde

46 649 98 733 fit,
122 661 166 722 33
190 641 505 722 meritilirmorum
522 645 683 720 virorum
709 645 926 723 memoriam
955 667 1038 722 oum
1067 649 1126 726 133

48 760 275 865 nererelato
307 759 500 834 videamus
531 755 827 836 effe-exundans·
857 773 896 835 et
927 758 1124 858 1333133313

50 899 139 953 nam
168 896 237 952 3333
259 867 562 950 11331331333313
581 896 623 953 33
647 885 731 950 tuto
750 875 1035 973 pronuntiatum
1054 873 1124 952 3113
1175 891 1179 894 ·

50 987 269 1076 censemus,
293 990 390 1062 inter
412 988 518 1062 viuos
551 1009 704 1086 regnare
728 987 911 1075 liuorem,
945 989 1028 1087 poli
1048 988 1125 1072 fala

53 1088 260 1202 quiescere,
308 1113 400 1184 aut..
437 1101 615 1177 inuidiam
648 1101 820 1202 supremo
856 1102 929 1178 1133
968 1102 1125 1194 domari,

53 1236 93 1294 et
119 1218 299 1303 eundem,
330 1195 652 1313 quisuiguresuo
675 1219 821 1304 arebat,
855 1217 1125 1296 333333313133
1158 1311 1162 1320 Δ
1188 1243 1190 1250 ’

54 1332 92 1409 13
115 1330 250 1430 politas
280 1331 547 1428 praegaoabat,
577 1329 780 1408 extinllum
818 1333 941 1408 amari.
1001 1329 1125 1412 lmmo

54 1469 142 1522 vero
164 1439 461 1531 arroduntolla,
498 1447 564 1556 qui
587 1467 714 1529 333333
737 1447 830 1522 vinis
850 1447 1116 1524 detraxerant.
1108 1477 1113 1486 ·

136 1561 189 1639 At
217 1563 318 1636 enim
345 1579 525 1656 repones,
574 1582 652 1636 non
685 1573 838 1638 omnem
872 1559 1124 1662 laudationem

52 1677 281 1776 panegyrico
328 1671 483 1771 eloquio
526 1676 769 1768 contineam
783 1656 932 1752 nullum
974 1675 1125 1756 dicandi

51 1811 184 1888 genus,
211 1786 355 1863 nullam
373 1787 531 1863 formam
550 1785 700 1876 cliniis
725 1811 797 1886 qua
812 1789 977 1864 laudatio
993 1775 1126 1868 losum

52 1927 130 1980 non
164 1904 302 1981 habere
335 1899 458 1999 331113
496 1923 620 2002 eoque
652 1901 753 1978 111333
783 1903 901 1979 modo
929 1899 1123 2000 3113333333
1210 1971 1212 1980 .

52 2019 171 2094 modo
200 2017 246 2094 ad
270 2011 535 2113 simplicitatem
564 2033 601 2090 33
627 2015 865 2102 suauitatem,
902 2014 1125 2112 disputando
1192 2025 1194 2028 ’
1331 1983 1332 2028 ³

51 2151 227 2232 quoque,
262 2129 296 2206 13
320 2133 523 2218 remittere,
558 2133 658 2205 vtio
686 2128 851 2208 Platonis
884 2120 1051 2208 Phaedro
1066 2133 1124 2210 da
1148 2117 1170 2184 ’-

50 2241 254 2341 amores).
323 2239 422 2356 Vere
455 2244 768 2339 ,3331313333
810 2245 936 2324 haberi
970 2269 1125 2347 quoque

50 2359 204 2458 poliunt
236 2357 448 2445 orationes,
487 2379 589 2456 3333
612 2380 699 2434 'non
733 2362 772 2434 in
804 2361 876 2459 ipsa
911 2361 1124 2440 laudense

22 2553 25 2558 ,
53 2475 163 2548 voice
178 2473 245 2548 13333
261 2467 482 2571 occupatae,
511 2471 573 2546 etsr
590 2493 676 2548 cum
695 2467 868 2551 laudibus
886 2476 1126 2568 coniuntiae3

56 2583 180 2660 lolent
193 2605 352 2686 quoque
379 2586 466 2662 illae
492 2591 802 2682 panegyricomm
836 2590 991 2663 nomina
1023 2610 1127 2664 com·

54 2701 255 2799 prehendi·
285 2697 372 2774 3311
397 2702 598 2798 gratiarum
622 2698 852 2794 agendarum
864 2695 1007 2786 cautla,
1037 2715 1126 2782 3333

51 2813 266 2912 gratulandi
288 2809 435 2903 officio,
465 2811 526 2888 ad
537 2811 825 2898 consolandum,
839 2812 901 2889 331
927 2811 1126 2921 cohortan-

51 2929 165 3016 dunt,
200 2927 421 3003 1313333333·
445 2927 514 3004 1333
538 2930 685 3027 vtique,
703 2925 834 3004 11333
857 2905 1126 3027 ipiaelaudem

51 3056 289 3131 mereantur,
330 3040 458 3118 laudes
493 3063 647 3155 quoque
679 3039 750 3117 11131
774 3063 844 3147 pro
876 3055 979 3142 parte
1004 3045 1127 3137 313311

49 3172 161 3248 3333;
201 3157 251 3230 eli
280 3159 379 3232 enlm
397 3156 554 3233 harum
573 3173 695 3232 rerum
724 3173 860 3253 magna
894 3179 985 3234 cum
1017 3158 1127 3236 133313
1227 3190 1233 3197 ·

48 3273 253 3368 cognatim
280 3289 364 3346 nam
387 3269 583 3351 laudantur
606 3293 648 3346 ea
671 3291 770 3368 quae
786 3269 1000 3358 suadentur
1032 3287 1160 3372 3333Ι
1228 3323 1231 3334 ·

48 3385 326 3472 desideramus,
350 3385 515 3484 adquae
539 3389 730 3492 hortamur
749 3395 786 3460 et
806 3384 1072 3499 impellimus¹
1132 3425 1134 3428 ·

138 3498 441 3587 Nosciotamen,
471 3477 658 3596 quofato
690 3498 770 3588 liat,
804 3512 863 3587 vt,
897 3500 1127 3580 3333133133

50 3613 258 3692 3331131133
277 3615 391 3688 animi
414 3607 664 3711 3333333331
689 3612 755 3688 1333
769 3611 980 3710 gratulandi
995 3637 1040 3694 33
1049 3618 1129 3694 133,
1180 3709 1182 3715 Α

50 3729 160 3806 tandi
176 3727 261 3804 133
263 3729 395 3827 gratias
421 3723 694 3826 agendijcaulia
715 3725 919 3826 susceptum
943 3744 1030 3819 3333,
1058 3731 1131 3824 133..
1187 3745 1190 3758 ·
1329 3759 1330 3766 ¹

621 3839 673 3918 F
684 3865 701 3934 5
1012 3867 1150 3948 garn¹

114 4033 148 4114 e)
166 4027 224 4096 riv
246 4022 448 4124 3333333313
478 4027 676 4093 illustrantur
703 4025 794 4104 livore
822 4033 962 4117 appellat
989 4035 1133 4096 Hermo.

171 4132 273 4200 genes
299 4114 361 4190 de
371 4113 502 4181 formis
514 4129 594 4180 orat.
616 4110 727 4188 111311.
754 4133 918 4204 [3477333.
939 4115 1130 4186 33103133.

173 4201 267 4292 ¹⁶³4·
423 4223 435 4280 ’ῑ
569 4223 675 4279 ,3
