2658 4674
172 7 174 9 .
277 4 304 20 .-

118 25 125 42 ι
212 11 251 62 ,

190 72 194 85 ἱ

179 123 183 135 Ι

198 357 323 516 320
413 289 623 432 Certamen
646 305 877 418 litterarium
904 345 941 426 et
966 335 1132 450 praemit

236 565 321 642 gem
356 531 710 636 indulgentissimum
751 533 859 612 n'ullo
890 495 1005 622 lusu,
1052 537 1154 614 nullo
1183 537 1273 612 inter

191 703 197 714 ·
236 655 352 740 dion,
380 643 621 749 compressam
639 671 701 728 aut
719 646 916 726 coercitam
937 654 1119 743 videmue3
1141 653 1174 726 id
1190 651 1273 760 quod

92 855 98 870 ,
238 772 310 871 ipsa
331 771 439 846 huius
462 768 551 848 diei.
585 768 714 840 natalis
740 763 894 866 Georgii
909 765 977 845 tlt.
990 767 1178 842 celebritas
1193 767 1274 838 tella·

212 902 317 990 ‘tum
362 884 473 972 secit3
535 883 707 982 pietatem
751 881 911 955 nostram
950 900 1036 977 eiga
1082 883 1291 972 nutritorem¹

238 1001 401 1076 uoslrutn
440 997 562 1092 palam
603 997 785 1094 profiteri,
827 1011 877 1070 et
913 1017 1000 1084 curn
1042 997 1272 1094 praemiorum,

237 1137 331 1212 quae
355 1111 429 1188 hoc
449 1109 606 1186 sollendi
628 1107 836 1207 assignanda
857 1102 1007 1196 essenis
1002 1111 1270 1192 memoratione,

78 1231 81 1246 '
211 1211 500 1304 tliberalitntem'
514 1232 668 1322 quoque
688 1221 853 1299 munifici
877 1225 1072 1322 principit,
1098 1223 1272 1298 litterarum

234 1357 272 1418 et
301 1338 486 1438 Georgiee
518 1339 702 1436 Augustae
735 1360 916 1423 autorem,
961 1339 1100 1416 meritis
1132 1337 1273 1412 laudibus

233 1449 461 1556 praedicate,
506 1471 542 1526 et
569 1463 783 1543 enumerare
815 1443 917 1537 licet,
960 1476 1033 1551 qun
1061 1452 1273 1547 indulgentia,

235 1593 319 1647 cura
334 1581 376 1646 et
399 1569 566 1648 caritate,
590 1589 676 1672 eam
697 1564 761 1665 pet
777 1580 834 1640 tot
858 1591 976 1642 annue
1003 1567 1215 1665 complexus
1234 1562 1274 1645 ιιι,

95 1685 100 1692 ’
159 1725 168 1734 ·
234 1688 370 1785 quibus
387 1685 504 1782 copiis
518 1681 725 1764 litterariis.
757 1678 1067 1781 scientiarumque
1088 1681 1273 1758 intrumen-

234 1801 300 1887 tis,
326 1801 411 1874 'eam
437 1799 683 1890 inllruxerit.;
720 1793 835 1886 Quod
863 1797 930 1871 bos
949 1797 1086 1880 sensus.
1116 1819 1204 1896 quos
1225 1813 1271 1863 na·

234 1928 315 1990 tura
337 1929 373 1989 et
398 1909 486 1988 fides
504 1907 745 2007 officiumque
767 1901 961 1998 tnsttttlnt,
997 1913 1117 2010 passm
1139 1904 1273 2008 profiteri

160 2020 193 2090 ’-
232 2029 340 2114 licet,
371 2025 509 2102 boc'ad
534 2049 574 2098 ea
601 2023 759 2106 accessit.
800 2030 937 2122 quibus
965 2024 1126 2115 francos
1152 2017 1271 2114 cultill-

216 2165 314 2217 -mae
333 2155 368 2214 et
391 2127 620 2235 potitiffimae
639 2141 760 2234 gentis
776 2161 914 2214 nomen
933 2155 971 2215 et
985 2143 1143 2239 glutiam
1164 2137 1271 2212 merito

232 2255 298 2330 fibi
321 2253 505 2328 vindicam
529 2250 718 2326 fatendum
737 2252 798 2327 est.
860 2253 1082 2346 Quo-enim
1106 2256 1178 2336 alio
1198 2266 1269 2324 tem·

140 2360 147 2382 ⁸
231 2367 423 2467 pore-stoc
441 2363 580 2440 'stilum
605 2369 798 2448 nouimus.
836 2384 875 2440 vt
904 2372 1010 2445 inter·
1025 2395 1122 2446 arma
1141 2383 1177 2446 et
1201 2360 1271 2439 belli

230 2499 387 2560 terrores
406 2482 615 2582 ¹litterarum
643 2484 824 2556 bonarum
857 2479 1017 2560 officinis
1048 2487 1095 2561 ita
1126 2476 1273 2583 prouide-

230 2613 348 2685 retur,
396 2619 444 2672 ne
480 2596 743 2694 detrimentum
781 2605 994 2694 caperent3‘
1030 2614 1155 2678 contre
1189 2613 1269 2676 veto,

229 2705 398 2788 securitas
422 2726 459 2784 et
486 2711 722 2786 incolumitas
744 2711 985 2807 imperaretur
1014 2731 1054 2790 et
1080 2715 1270 2788 ediceretur,

120 2861 127 2876 ν
226 2827 358 2902 relitlis
389 2823 532 2900 incedis
561 2823 626 2907 iis,
664 2825 762 2900 'vnde
787 2827 992 2917 alerentur,
1032 2825 1199 2906 concesse
1228 2821 1272 2894 ili·

142 2946 148 2954 '
227 2937 393 3040 pendiis,
419 2937 572 3021 salariis,
597 2940 789 3032 iustitutie3
822 2963 918 3039 quae
944 2947 1071 3020 omnia
1098 2944 1175 3018 aliie
1197 2953 1272 3012 tem·

93 3039 120 3159 ’1
229 3055 381 3149 poribus
411 3053 450 3126 in
481 3051 634 3131 bellicos
674 3053 752 3126 vsus
778 3049 875 3131 versa
902 3071 940 3133 et
967 3059 1176 3156 consumta,
1209 3057 1270 3126 iure

165 3259 169 3273 ἱ
228 3167 316 3242 belli
337 3165 432 3240 rolli
439 3179 476 3240 et
499 3171 615 3241 euerti
630 3160 824 3254 ἰοιιιιιιιιις
861 3171 959 3248 vnde
988 3149 1172 3254 bellorum
1195 3163 1270 3241 calt-

171 3303 175 3310 ’
226 3281 415 3359 mitatibus
460 3303 507 3354 ne
525 3283 580 3356 in
629 3305 728 3410 pace
764 3285 915 3382 quidem
955 3289 1099 3366 medela
1141 3274 1269 3382 tepetiti

225 3407 416 3496 poterat.
1086 3437 1089 3444 ·

309 3507 406 3585 Cum
440 3511 508 3613 piis
541 3513 635 3586 votis
665 3509 763 3586 saitis
798 3511 971 3612 progressi
1004 3515 1125 3591 sumus
1158 3511 1201 3586 ad
1227 3525 1268 3586 ea

157 3618 163 3628 ’
225 3645 387 3722 quorum
414 3621 531 3721 caussa
556 3624 720 3700 sollenne
753 3628 860 3703 huius
884 3629 956 3703 diei
989 3629 1163 3706 inditium
1191 3632 1269 3710 ιιιι;

110 3780 114 3795 =
165 3826 170 3834 ¹
224 3741 470 3834 recitataeque
494 3739 576 3815 sunt
600 3743 722 3862 primo
747 3739 836 3817 loco
861 3743 1090 3848 quaestiones
1112 3733 1268 3829 ab'Ordi·

109 3911 115 3924 ,
146 3891 155 3908 ,
194 3849 332 3944 ‘'nibui
363 3854 578 3929 academicis
604 3877 704 3930 anno
710 3851 912 3955 superiore
941 3857 1178 3956 propositam
1201 3848 1267 3948 qui·

140 3974 146 3988 '
222 3971 291 4041 bus
316 3969 378 4065 qui
402 3965 542 4064 scriptis
559 3970 734 4043 traditio
722 3984 820 4048 tutet
837 3987 982 4050 ceteros
1005 3973 1168 4072 apprime
1186 3966 1267 4042 satis·

137 4095 140 4102 '
219 4083 398 4168 sectilem,
430 4103 531 4160 nunc
552 4085 731 4204 praemia,
763 4107 842 4166 non
867 4103 941 4168 tam
961 4109 1095 4192 operae
1116 4099 1267 4162 remune-

1135 4194 1266 4280 laudaret
