2656 4676
6 2269 157 2358 generis
181 2258 220 2340 ir'r
246 2255 403 2344 iollenni
429 2275 545 2349 co'etu.
562 2269 707 2344 habitae
732 2290 751 2342 a
774 2267 943 2374 [ophitus
964 2265 1079 2342 Graes
1211 2293 1214 2304 ·

285 344 616 482 Panegyricorurn'
640 363 826 440 ueterum.
868 421 871 434 .
951 396 993 431 2
1030 355 1085 458 85

24 559 201 651 conatus·
228 549 346 630 huius
377 551 525 630 dicendi
555 555 700 652 generis
732 556 890 641 vanitas,
906 577 1009 632 cunr
1038 576 1086 631 ex

22 667 278 756 sententiarum
315 668 553 766 speciosarum
588 670 805 767 praestigiis.
835 689 881 745 ex
908 647 991 746 scita
1019 691 1084 746 vo·

23 801 101 859 cum
112 765 357 870 conflatione,
389 799 426 858 et
442 786 638 872 verborum
661 781 852 859 numerose
870 783 1082 860 cadentium

22 893 215 981 suauitate
255 896 396 994 ingenii
433 913 483 972 et
500 901 678 974 orationis
715 897 793 972 iaus
833 909 1096 994 quaereretur,
1148 907 1172 970 ’,

21 1021 173 1105 quantas
193 997 552 1110 ueraeeloquentiae
575 1010 801 1110 corruptelas
819 1009 975 1096 afferret.
1006 1033 1084 1086 nra·

21 1135 100 1198 ture
134 1122 374 1210 intelletium.
395 1127 463 1218 est3
504 1127 542 1206 id
566 1126 668 1227 quod
702 1147 747 1200 err
773 1125 1082 1224 philosophorum

20 1249 142 1314 eontra
182 1237 353 1336 sophistas
399 1237 707 1337 disputationibus
741 1242 890 1316 constat.
964 1238 1086 1336 Argu-
1216 1249 1217 1264 ¹

20 1353 300 1450 mentiquidem
318 1353 497 1450 dignitate
511 1353 741 1452 aliquantum
758 1352 943 1430 sustentari
959 1355 1083 1449 potuit
1203 1377 1207 1388 ·

22 1463 54 1538 id
79 1455 323 1555 vrnbratieum
345 1459 579 1568 eloquentiae
601 1491 731 1566 genus.
760 1481 798 1544 vt
817 1470 854 1542 in
879 1461 1083 1566 Epitaphiis

22 1582 268 1678 orationihus.
306 1585 344 1658 iu
374 1580 540 1660 Isocratis
562 1576 832 1660 Panathenaico
856 1599 892 1656 et
918 1579 1084 1680 Panegy·
1102 1580 1124 1668 ’,

21 1695 100 1768 rico.
158 1693 262 1784 ⁴,Corn
290 1697 349 1774 isti
375 1698 541 1774 rhetores
571 1697 611 1772 in
641 1695 836 1774 hominum
862 1718 937 1773 non
957 1694 1082 1796 ¹inodo

22 1796 571 1896 circulis,,sedeonuentihus⁵
606 1807 792 1888 interdum
820 1814 858 1884 in
891 1809 1082 1896 ludorum.
1112 1877 1115 1890 .

22 1919 362 2023 vtOlynrpiorum‚
397 1911 629 2012 celebritate.
660 1924 769 2002 verba
802 1920 983 1998 facerent:
1018 1917 1086 2019 ipst

23 2050 167 2125 coetus,
196 2031 438 2141 πανηγύρεις,
471 2053 611 2114 'nornen
642 2035 770 2126 secere¹
790 2039 1012 2140 panegyrim
1043 2045 1083 2110 vt
1208 2057 1210 2070 ·

20 2152 162 2247 proprie
203 2153 687 2254 eo'nominedicerentur
730 2153 916 2228 orationes
959 2149 1109 2245 omnis¹

20 2377 86 2453 tiae
108 2397 162 2482 *et
196 2378 294 2454 Assae
339 2383 445 2455 urbes
484 2382 782 2480 peragrantibus,
825 2377 1079 2477 *ostentandae

19 2493 97 2564 artis
118 2508 155 2564 et
173 2491 338 2587 quaestus
358 2491 515 2582 faciendi
535 2489 680 2600 caunas
698 2497 813 2592 nia-gis
836 2495 930 2570 forte
947 2493 1081 2589 opimi,
1173 2495 1176 2505 “

19 2623 128 2699 quam
156 2604 363 2688 nostrorum
397 2605 613 2692 hominum,
653 2612 717 2705 qui
750 2630 867 2704 nuper
898 2607 1081 2736 declama

20 2829 257 2908 instituerunt.
318 2827 545 2920 Orationunr
563 2821 718 2910 istarum
745 2843 971 2941 argumenta,
992 2830 1080 2909 inde
1114 2927 1115 2932 Ν

23 2941 213 3045 aGorgia‚
243 2941 382 3056 Hippia
406 2963 441 3022 et
462 2945 641 3039 Prodic0,
670 2948 777 3046 saepe
797 2961 903 3024 erent
925 2947 1076 3057 petitas
1120 2966 1124 2974 ’
1149 2969 1154 2988 “

21 3053 222 3136 laudatione
258 3061 374 3136 modo
408 3061 563 3141 deorum
596 3075 632 3137 et
662 3057 840 3148 heroum,
878 3061 994 3181 modo
1019 3083 1077 3136 vr·

24 3169 146 3249 bium
139 3190 175 3250 et
204 3173 363 3257 ciuiums
402 3175 521 3275 qualis
546 3175 594 3252 est
628 3171 807 3256 liocratis
821 3167 1076 3277 panegyricus,
1158 3225 1161 3232 ι
1247 3179 1250 3187 ‘

22 3283 73 3360 eth
107 3311 192 3364 cunr
223 3287 434 3366 hortatione
456 3289 502 3366 ad
530 3289 674 3368 heilurn
707 3314 794 3368 cum
828 3289 939 3370 Perus
973 3287 1078 3368 susci,

23 3400 187 3490 piendum
225 3398 438 3496 adiunda3'
468 3403 654 3480 interdum
701 3427 853 3506 quoque
896 3403 1075 3482 fanorum

25 3509 203 3592 illustrium
234 3536 275 3593 ac
304 3519 499 3594 uirtutum:
529 3521 567 3593 in
594 3519 729 3614 quibus
751 3519 879 3596 locum
903 3509 1075 3604 c'omuru·

6 3641 91 3705 'uem
118 3625 499 3708 fere'coustituehant
529 3631 681 3708 Athenis
717 3631 844 3710 laudes
882 3630 1075 3718 maiorum,
1160 3699 1168 3716 .

27 3745 107 3820 etin
142 3745 186 3820 iis
213 3731 431 3834 Marathon,
463 3745 615 3822 Salamis
646 3759 684 3822 et
716 3745 802 3831 alia,
834 3737 1074 3844 quorumres
1129 3837 1131 3847 Α

26 3853 265 3957 cordatione
255 3860 301 3946 ri,
358 3861 423 3959 qui
464 3873 543 3936 tum
590 3872 711 3948 ernist,
767 3857 909 3959 pudore
946 3861 1075 3960 potius

27 3961 170 4050 suffundi
187 3950 396 4062 debebant,
427 3995 542 4070 quern
562 3989 602 4048 rt
623 3962 742 4052 aliena
764 3972 882 4078 gloria
911 3972 955 4050 fe
970 3971 1081 4058 iana·

6 4097 109 4184 tsnt3
135 4100 175 4165 vt
190 4084 311 4214 [olent
330 4090 510 4166 maiorum
531 4108 670 4165 nomen
692 4109 735 4168 ac
758 4086 932 4168 famam”
908 4111 934 4164 ιι
957 4085 1076 4184 osten·
1173 4097 1185 4170 J

6 4125 109 4266 ι’
43 4250 46 4264 ,

332 4299 336 4310 Ι
464 4203 469 4210 ’
570 4199 687 4300 F3
983 4208 1126 4286 tarn*
