2688 4680
285 252 540 383 nonnullaque
563 291 612 352 ex
633 247 680 356 us
703 245 973 360 inenarrabilia.
1100 291 1157 384 39

43 467 44 474 ‘
88 495 254 574 quorum
291 471 459 582 notitiam
500 471 628 550 iullim
668 473 864 560 habuerat,
892 499 990 574 nou
1029 489 1153 559 autem

87 592 216 664 omnia
257 605 386 660 eorum
424 603 633 682 temporum
666 585 759 681 asla3
801 605 858 674 vt,
896 587 1035 666 inere
1074 617 1152 672 rem

87 704 278 788 aestimare
312 699 423 780 velis,
479 702 515 772 io
549 701 673 775 multis
707 693 993 779 commenalter
1028 709 1152 802 potius

88 814 203 914 qua'nr
234 815 421 888 historiam
455 811 619 912 scripsisse
653 815 829 895 dicendus
864 817 924 910 sit;
965 819 1013 892 ita
1045 819 1153 896 dese

89 927 281 1004 nonnullo
304 929 516 1022 interponit,
547 931 714 1026 inprimis
737 932 775 1004 in
802 933 909 1007 rebus
929 927 1088 1018 Persicis,
1116 945 1154 1010 et

31 1047 32 1050 '
92 1042 228 1120 umida
254 1051 462 1140 oppugnata
485 1053 522 1116 rt
542 1059 666 1140 capta,
697 1065 791 1141 quae
816 1046 855 1120 in
879 1045 1018 1144 magno
1042 1043 1154 1124 hitto·
1244 1133 1249 1144 ¹

28 1167 31 1220 t
93 1159 171 1232 riae
198 1179 352 1252 corpore
381 1154 508 1230 locum
541 1160 602 1231 vix
638 1159 824 1234 haberent.
897 1159 935 1236 si
969 1157 1059 1258 quid
1091 1145 1154 1247 eli,

94 1271 197 1370 quod
222 1291 450 1368 magnopere
483 1267 758 1346 desiderandum
790 1270 858 1347 else
880 1284 1065 1370 putemur,
1092 1271 1155 1365 est,

94 1387 197 1482 quod
222 1407 298 1460 non
323 1382 477 1458 meliore
499 1375 759 1469 saeculo'u'ixit
780 1399 817 1462 et
839 1385 974 1484 scripsit
990 1387 1155 1465 Ammia-

90 1521 182 1580 nus,
216 1513 293 1596 quo
314 1497 503 1599 liberalior
524 1499 723 1586 institutio,
751 1500 1027 1598 exemplorum,
1058 1521 1155 1604 quae

90 1611 321 1710 sequeretur,
362 1611 580 1708 prudentior
611 1613 783 1706 discisus,
814 1615 940 1692 oratio
966 1615 1094 1712 purior
1117 1627 1156 1693 et

89 1727 157 1802 stili
200 1728 320 1802 maior
358 1721 584 1822 simplicitas,
635 1751 722 1804 curu
762 1729 951 1830 dignitatis
984 1727 1155 1806 historiae

87 1839 280 1919 subtiliore
301 1840 452 1942 iuditio,
479 1839 710 1939 suppetiisset.
773 1843 819 1918 At
842 1843 904 1918 illa
923 1853 1037 1918 aetate
1057 1841 1157 1921 done

89 1956 253 2032 latinitas
275 1979 295 2032 a
316 1955 441 2060 natiua
457 1953 686 2053 simplicitate
705 1967 743 2030 et
758 1941 939 2053 elegantia
954 1945 1156 2032 desciuerat
1181 2037 1185 2050 ,

92 2074 129 2148 in
159 2073 369 2148 orationem
407 2063 589 2166 turgidam
620 2083 656 2144 et
690 2067 782 2150 tarto
818 2067 998 2155 inflatam,
1038 2071 1158 2148 mixta

88 2189 323 2286 poeticorum
349 2196 543 2279 troporum
558 2183 720 2272 audacia,
750 2185 940 2286 lyricaque
962 2181 1158 2262 insolentia

90 2299 178 2380 curn
213 2297 370 2402 pedellri
391 2293 605 2380 'sermonen
633 2321 703 2374 uec
732 2321 855 2376 rerum
892 2297 1157 2400 narrandarum
1211 2331 1214 2352 ·

91 2413 252 2494 seuerius
287 2411 465 2489 iudicium
495 2423 532 2488 et
564 2409 715 2510 diluitur
750 2399 984 2514 suppetebat,
1025 2423 1089 2487 aut
1116 2412 1157 2487 in

91 2525 173 2618 iis,
189 2537 287 2628 quur
308 2525 470 2623 vulgaris
488 2523 689 2624 superstitio
712 2527 881 2614 ladabar,
910 2525 1079 2601 subtilior
1099 2526 1158 2599 ini
1217 2551 1223 2558 ·
1246 2521 1251 2528 ’

90 2644 252 2746 dagatio.
309 2635 503 2718 Bonorum
520 2637 736 2735 scriptorum
758 2638 932 2734 exemplo
953 2634 1075 2734 polim
1099 2635 1156 2713 di·

89 2757 335 2858 gressionibus
358 2755 484 2841 utitur,
514 2749 576 2826 sed
597 2750 787 2826 ambitiose
810 2747 990 2850 quaesitis,
1022 2749 1156 2845 partim

88 2876 230 2964 alienis,
263 2891 309 2948 ert
332 2867 634 2972 interpretatione
653 2887 795 2956 eorum,
824 2865 982 2970 quaein
1006 2877 1156 2939 naturae

272 2998 283 3027 ⁸
466 3020 469 3028 ·
654 2981 737 3078 04
1011 2978 1154 3056 euentlr

204 3219 333 3306 reliquo
349 3220 509 3298 potiores,
533 3225 638 3280 orlata
656 3216 866 3296 doctrinaque
875 3211 1053 3300 florentes:
1073 3221 1154 3301 qr'tor

204 3308 259 3378 id,
290 3308 321 3366 εἰ
340 3303 484 3372 libuerit,
512 3323 735 3384 aggressuros,
768 3302 941 3377 procudere
960 3301 1088 3378 lirrgutar
1109 3295 1155 3356 aar!

89 3433 92 3440 »
202 3393 341 3456 iuniores
358 3409 465 3450 moneo
483 3390 595 3450 srttos:
623 3388 754 3448 Scilicet
777 3384 970 3468 elegantiam
992 3395 1024 3443 et
1049 3377 1172 3466 digni·-

200 3491 305 3538 ratem
337 3473 492 3538 orationis
520 3471 716 3556 quaerebant
742 3485 813 3532 turn
842 3473 877 3530 iu
912 3463 981 3532 atili
1013 3482 1153 3528 tumore.

193 3565 275 3624 lam
295 3573 414 3621 renero
437 3577 472 3621 ee
492 3557 574 3619 haec
602 3551 769 3640 tc‘riprieae
791 3563 899 3637 aperte
931 3551 1087 3622 declarat,
1121 3563 1155 3614 et

202 3646 303 3708 docet
321 3644 410 3712 idem
428 3643 621 3707 memoratio
645 3641 805 3705 aeriorum
827 3650 1010 3700 euentuurn
1032 3635 1154 3722 partim
1263 3699 1268 3712 ⁶
1302 3659 1311 3734 'a

182 3799 185 3808 ,
200 3732 343 3800 iniecta.¹
378 3731 467 3797 Intra
483 3725 602 3793 Iuliani
615 3727 697 3810 Imp.
715 3745 766 3788 rer
779 3739 813 3787 et
828 3736 973 3808 tempora
987 3722 1156 3784 continere

202 3836 239 3879 re
265 3818 305 3878 ab
329 3817 426 3878 initio
453 3814 598 3877 voluitae
625 3809 803 3895 significat,
836 3807 893 3870 lib.
907 3807 1015 3870 XXVI.
1029 3829 1080 3891 pr.
1111 3822 1156 3865 ne

201 3899 552 3991 notiora·appone'rer;
581 3899 698 3984 partim
717 3911 848 3982 quoque
868 3911 910 3953 ne
935 3888 1155 3974 periculorum

203 3999 291 4050 erret
309 3985 564 4072 rprrqcriber'o,
585 3982 726 4068 partim,
756 3980 785 4042 ri
806 3981 1010 4063 propositum
1032 3985 1158 4040 tenerer

167 4149 170 4157 ,
205 4086 239 4134 et
268 4070 394 4151 potiora
417 4085 544 4140 tantum
564 4079 758 4154 apponeret,
793 4063 1024 4129 derideretur
1053 4057 1155 4122 multa

166 4173 173 4182 ·
202 4157 414 4242 praeteriirre.
