<?xml version="1.0" encoding="UTF-8"?>
<!DOCTYPE html PUBLIC "-//W3C//DTD XHTML 1.0 Transitional//EN"
    "http://www.w3.org/TR/xhtml1/DTD/xhtml1-transitional.dtd">
<html xmlns="http://www.w3.org/1999/xhtml" xml:lang="en" lang="en">
 <head>
  <title>
</title>
<meta http-equiv="Content-Type" content="text/html;charset=utf-8" />
  <meta name='ocr-system' content='tesseract 3.04.00' />
  <meta name='ocr-capabilities' content='ocr_page ocr_carea ocr_par ocr_line ocrx_word'/>
</head>
<body>
  <div class='ocr_page' id='page_1' title='image "./opvscvlaacademi01heyngoog/opvscvlaacademi01heyngoog_0096.png"; bbox 0 0 2674 4674; ppageno 0'>
   <div class='ocr_carea' id='block_1_1' title="bbox 309 309 1128 436">
    <p class='ocr_par' dir='ltr' id='par_1_1' title="bbox 309 309 1128 436">
     <span class='ocr_line' id='line_1_1' title="bbox 309 309 1128 436; baseline 0.005 -36"><span class='ocrx_word' id='word_1_1' title='bbox 309 309 646 426; x_wconf 70' lang='lat' dir='ltr'>Prnrgpitonrrn</span> <span class='ocrx_word' id='word_1_2' title='bbox 674 329 856 406; x_wconf 67' lang='lat' dir='ltr'>cernue</span> <span class='ocrx_word' id='word_1_3' title='bbox 1070 327 1128 436; x_wconf 74' lang='lat'>83</span> 
     </span>
    </p>
   </div>
   <div class='ocr_carea' id='block_1_2' title="bbox 36 511 1208 3584">
    <p class='ocr_par' dir='ltr' id='par_1_2' title="bbox 36 511 1155 2563">
     <span class='ocr_line' id='line_1_2' title="bbox 42 511 1123 623; baseline 0.006 -23"><span class='ocrx_word' id='word_1_4' title='bbox 42 523 187 623; x_wconf 74' lang='lat' dir='ltr'>quibus</span> <span class='ocrx_word' id='word_1_5' title='bbox 213 531 343 619; x_wconf 85' lang='lat' dir='ltr'>erepta</span> <span class='ocrx_word' id='word_1_6' title='bbox 360 511 438 594; x_wconf 77' lang='lat' dir='ltr'>eiat</span> <span class='ocrx_word' id='word_1_7' title='bbox 457 521 613 598; x_wconf 74' lang='lat' dir='ltr'>aeriter:</span> <span class='ocrx_word' id='word_1_8' title='bbox 639 520 703 596; x_wconf 83' lang='lat' dir='ltr'>etfi</span> <span class='ocrx_word' id='word_1_9' title='bbox 729 521 901 602; x_wconf 84' lang='lat' dir='ltr'>nondam</span> <span class='ocrx_word' id='word_1_10' title='bbox 937 547 987 604; x_wconf 89' lang='lat' dir='ltr'>eo</span> <span class='ocrx_word' id='word_1_11' title='bbox 1009 523 1123 606; x_wconf 70' lang='lat' dir='ltr'>dcun·</span> 
     </span>
     <span class='ocr_line' id='line_1_3' title="bbox 37 635 1120 738; baseline 0.004 -25"><span class='ocrx_word' id='word_1_12' title='bbox 37 651 151 714; x_wconf 87' lang='lat' dir='ltr'>uerat</span> <span class='ocrx_word' id='word_1_13' title='bbox 182 659 264 724; x_wconf 81' lang='lat' dir='ltr'>ree,</span> <span class='ocrx_word' id='word_1_14' title='bbox 302 657 384 733; x_wconf 93' lang='lat' dir='ltr'>quo</span> <span class='ocrx_word' id='word_1_15' title='bbox 416 635 457 710; x_wconf 89' lang='lat' dir='ltr'>in</span> <span class='ocrx_word' id='word_1_16' title='bbox 489 636 620 712; x_wconf 84' lang='lat' dir='ltr'>uulirir</span> <span class='ocrx_word' id='word_1_17' title='bbox 650 637 867 724; x_wconf 74' lang='lat' dir='ltr'>academiis,</span> <span class='ocrx_word' id='word_1_18' title='bbox 905 638 945 714; x_wconf 92' lang='lat' dir='ltr'>in</span> <span class='ocrx_word' id='word_1_19' title='bbox 982 644 1120 738; x_wconf 80' lang='lat' dir='ltr'>quinne</span> 
     </span>
     <span class='ocr_line' id='line_1_4' title="bbox 37 747 1119 850; baseline 0.004 -21"><span class='ocrx_word' id='word_1_20' title='bbox 37 753 154 830; x_wconf 90' lang='lat' dir='ltr'>omui</span> <span class='ocrx_word' id='word_1_21' title='bbox 190 753 264 824; x_wconf 85' lang='lat' dir='ltr'>iam</span> <span class='ocrx_word' id='word_1_22' title='bbox 304 749 543 848; x_wconf 77' lang='lat' dir='ltr'>eloquentiae</span> <span class='ocrx_word' id='word_1_23' title='bbox 577 749 640 826; x_wconf 84' lang='lat' dir='ltr'>asu</span> <span class='ocrx_word' id='word_1_24' title='bbox 683 747 1119 850; x_wconf 73' lang='lat' dir='ltr'>abrogatol’rotefforee</span> 
     </span>
     <span class='ocr_line' id='line_1_5' title="bbox 36 861 1117 964; baseline 0.006 -22"><span class='ocrx_word' id='word_1_25' title='bbox 36 865 290 964; x_wconf 79' lang='lat' dir='ltr'>eloquentiae</span> <span class='ocrx_word' id='word_1_26' title='bbox 313 863 487 938; x_wconf 82' lang='lat' dir='ltr'>constitui</span> <span class='ocrx_word' id='word_1_27' title='bbox 520 861 658 948; x_wconf 86' lang='lat' dir='ltr'>solent.</span> <span class='ocrx_word' id='word_1_28' title='bbox 703 877 743 940; x_wconf 79' lang='lat' dir='ltr'>vt</span> <span class='ocrx_word' id='word_1_29' title='bbox 776 866 863 944; x_wconf 82' lang='lat' dir='ltr'>artie</span> <span class='ocrx_word' id='word_1_30' title='bbox 897 867 1117 948; x_wconf 87' lang='lat' dir='ltr'>memoriam</span> 
     </span>
     <span class='ocr_line' id='line_1_6' title="bbox 38 976 1119 1080; baseline 0.005 -26"><span class='ocrx_word' id='word_1_31' title='bbox 38 999 194 1054; x_wconf 89' lang='lat' dir='ltr'>nomen</span> <span class='ocrx_word' id='word_1_32' title='bbox 224 976 347 1052; x_wconf 86' lang='lat' dir='ltr'>saltem</span> <span class='ocrx_word' id='word_1_33' title='bbox 377 979 543 1054; x_wconf 86' lang='lat' dir='ltr'>retineat.</span> <span class='ocrx_word' id='word_1_34' title='bbox 611 976 649 1054; x_wconf 87' lang='lat' dir='ltr'>Si</span> <span class='ocrx_word' id='word_1_35' title='bbox 680 991 803 1056; x_wconf 86' lang='lat' dir='ltr'>tameo</span> <span class='ocrx_word' id='word_1_36' title='bbox 830 981 893 1080; x_wconf 74' lang='lat' dir='ltr'>iiq.</span> <span class='ocrx_word' id='word_1_37' title='bbox 926 1003 1005 1058; x_wconf 89' lang='lat' dir='ltr'>nou</span> <span class='ocrx_word' id='word_1_38' title='bbox 1041 995 1119 1059; x_wconf 86' lang='lat' dir='ltr'>tam</span> 
     </span>
     <span class='ocr_line' id='line_1_7' title="bbox 45 1088 1116 1194; baseline 0.004 -26"><span class='ocrx_word' id='word_1_39' title='bbox 45 1091 275 1168; x_wconf 76' lang='lat' dir='ltr'>vmbranco</span> <span class='ocrx_word' id='word_1_40' title='bbox 302 1103 339 1164; x_wconf 94' lang='lat' dir='ltr'>et</span> <span class='ocrx_word' id='word_1_41' title='bbox 365 1088 592 1168; x_wconf 81' lang='lat' dir='ltr'>scholasticae</span> <span class='ocrx_word' id='word_1_42' title='bbox 615 1090 754 1168; x_wconf 79' lang='lat' dir='ltr'>litterae</span> <span class='ocrx_word' id='word_1_43' title='bbox 785 1091 971 1178; x_wconf 83' lang='lat' dir='ltr'>docendo.</span> <span class='ocrx_word' id='word_1_44' title='bbox 1002 1116 1116 1194; x_wconf 80' lang='lat' dir='ltr'>quam</span> 
     </span>
     <span class='ocr_line' id='line_1_8' title="bbox 43 1204 1117 1310; baseline 0.004 -26"><span class='ocrx_word' id='word_1_45' title='bbox 43 1207 162 1284; x_wconf 79' lang='lat' dir='ltr'>certic</span> <span class='ocrx_word' id='word_1_46' title='bbox 184 1204 499 1302; x_wconf 79' lang='lat' dir='ltr'>temporibuepro</span> <span class='ocrx_word' id='word_1_47' title='bbox 519 1207 706 1282; x_wconf 87' lang='lat' dir='ltr'>concione</span> <span class='ocrx_word' id='word_1_48' title='bbox 722 1205 893 1292; x_wconf 87' lang='lat' dir='ltr'>diceudo,</span> <span class='ocrx_word' id='word_1_49' title='bbox 918 1209 1117 1310; x_wconf 80' lang='lat' dir='ltr'>exercendi</span> 
     </span>
     <span class='ocr_line' id='line_1_9' title="bbox 43 1317 1119 1424; baseline -0.002 -27"><span class='ocrx_word' id='word_1_50' title='bbox 43 1321 214 1397; x_wconf 80' lang='lat' dir='ltr'>muueris</span> <span class='ocrx_word' id='word_1_51' title='bbox 243 1317 398 1394; x_wconf 78' lang='lat' dir='ltr'>facultas</span> <span class='ocrx_word' id='word_1_52' title='bbox 424 1317 573 1418; x_wconf 88' lang='lat' dir='ltr'>publice</span> <span class='ocrx_word' id='word_1_53' title='bbox 600 1317 764 1396; x_wconf 68' lang='lat' dir='ltr'>dantur:</span> <span class='ocrx_word' id='word_1_54' title='bbox 802 1319 909 1424; x_wconf 88' lang='lat' dir='ltr'>pollit</span> <span class='ocrx_word' id='word_1_55' title='bbox 933 1321 1029 1399; x_wconf 88' lang='lat' dir='ltr'>sorte</span> <span class='ocrx_word' id='word_1_56' title='bbox 1053 1323 1119 1400; x_wconf 84' lang='lat' dir='ltr'>ali.</span> 
     </span>
     <span class='ocr_line' id='line_1_10' title="bbox 45 1429 1116 1534; baseline 0.004 -23"><span class='ocrx_word' id='word_1_57' title='bbox 45 1456 122 1534; x_wconf 84' lang='lat' dir='ltr'>qua</span> <span class='ocrx_word' id='word_1_58' title='bbox 162 1433 402 1531; x_wconf 85' lang='lat' dir='ltr'>eloquentiae</span> <span class='ocrx_word' id='word_1_59' title='bbox 439 1434 493 1507; x_wconf 83' lang='lat' dir='ltr'>vir</span> <span class='ocrx_word' id='word_1_60' title='bbox 531 1429 601 1508; x_wconf 88' lang='lat' dir='ltr'>elie</span> <span class='ocrx_word' id='word_1_61' title='bbox 644 1431 689 1512; x_wconf 87' lang='lat' dir='ltr'>ud</span> <span class='ocrx_word' id='word_1_62' title='bbox 728 1433 910 1512; x_wconf 84' lang='lat' dir='ltr'>luncuiler</span> <span class='ocrx_word' id='word_1_63' title='bbox 956 1439 1116 1528; x_wconf 80' lang='lat' dir='ltr'>animos.</span> 
     </span>
     <span class='ocr_line' id='line_1_11' title="bbox 45 1543 1117 1655; baseline 0.006 -31"><span class='ocrx_word' id='word_1_64' title='bbox 45 1547 166 1626; x_wconf 86' lang='lat' dir='ltr'>modo</span> <span class='ocrx_word' id='word_1_65' title='bbox 190 1545 381 1655; x_wconf 82' lang='lat' dir='ltr'>suadendo</span> <span class='ocrx_word' id='word_1_66' title='bbox 404 1558 444 1622; x_wconf 91' lang='lat' dir='ltr'>et</span> <span class='ocrx_word' id='word_1_67' title='bbox 464 1543 669 1638; x_wconf 87' lang='lat' dir='ltr'>hortando,</span> <span class='ocrx_word' id='word_1_68' title='bbox 695 1549 812 1626; x_wconf 88' lang='lat' dir='ltr'>modo</span> <span class='ocrx_word' id='word_1_69' title='bbox 834 1550 1035 1629; x_wconf 81' lang='lat' dir='ltr'>concinnet</span> <span class='ocrx_word' id='word_1_70' title='bbox 1057 1551 1117 1630; x_wconf 85' lang='lat' dir='ltr'>su·</span> 
     </span>
     <span class='ocr_line' id='line_1_12' title="bbox 45 1659 1118 1766; baseline 0.007 -30"><span class='ocrx_word' id='word_1_71' title='bbox 45 1664 183 1738; x_wconf 82' lang='lat' dir='ltr'>oebrer</span> <span class='ocrx_word' id='word_1_72' title='bbox 206 1659 401 1742; x_wconf 77' lang='lat' dir='ltr'>habendor</span> <span class='ocrx_word' id='word_1_73' title='bbox 433 1681 519 1737; x_wconf 88' lang='lat' dir='ltr'>cum</span> <span class='ocrx_word' id='word_1_74' title='bbox 554 1683 657 1740; x_wconf 90' lang='lat' dir='ltr'>nuuc</span> <span class='ocrx_word' id='word_1_75' title='bbox 682 1684 730 1738; x_wconf 90' lang='lat' dir='ltr'>ne</span> <span class='ocrx_word' id='word_1_76' title='bbox 760 1659 998 1762; x_wconf 82' lang='lat' dir='ltr'>Collegarum</span> <span class='ocrx_word' id='word_1_77' title='bbox 1032 1667 1118 1766; x_wconf 90' lang='lat' dir='ltr'>qui·</span> 
     </span>
     <span class='ocr_line' id='line_1_13' title="bbox 45 1769 1116 1878; baseline 0.003 -25"><span class='ocrx_word' id='word_1_78' title='bbox 45 1776 132 1854; x_wconf 89' lang='lat' dir='ltr'>dem</span> <span class='ocrx_word' id='word_1_79' title='bbox 165 1771 297 1872; x_wconf 81' lang='lat' dir='ltr'>Elegia</span> <span class='ocrx_word' id='word_1_80' title='bbox 326 1769 586 1854; x_wconf 82' lang='lat' dir='ltr'>desiderentur.</span> <span class='ocrx_word' id='word_1_81' title='bbox 652 1773 767 1854; x_wconf 90' lang='lat' dir='ltr'>Nunc</span> <span class='ocrx_word' id='word_1_82' title='bbox 797 1798 907 1866; x_wconf 82' lang='lat' dir='ltr'>vero,</span> <span class='ocrx_word' id='word_1_83' title='bbox 944 1801 1012 1878; x_wconf 89' lang='lat' dir='ltr'>pro</span> <span class='ocrx_word' id='word_1_84' title='bbox 1034 1781 1116 1856; x_wconf 80' lang='lat' dir='ltr'>ehe-</span> 
     </span>
     <span class='ocr_line' id='line_1_14' title="bbox 44 1887 1118 1990; baseline 0.001 -23"><span class='ocrx_word' id='word_1_85' title='bbox 44 1891 162 1969; x_wconf 80' lang='lat' dir='ltr'>torica</span> <span class='ocrx_word' id='word_1_86' title='bbox 189 1903 302 1989; x_wconf 88' lang='lat' dir='ltr'>atque</span> <span class='ocrx_word' id='word_1_87' title='bbox 327 1909 396 1986; x_wconf 93' lang='lat' dir='ltr'>pro</span> <span class='ocrx_word' id='word_1_88' title='bbox 416 1887 490 1986; x_wconf 86' lang='lat' dir='ltr'>ipsa</span> <span class='ocrx_word' id='word_1_89' title='bbox 506 1889 731 1990; x_wconf 81' lang='lat' dir='ltr'>eloquentia,</span> <span class='ocrx_word' id='word_1_90' title='bbox 753 1889 937 1967; x_wconf 87' lang='lat' dir='ltr'>habentur</span> <span class='ocrx_word' id='word_1_91' title='bbox 951 1891 1118 1988; x_wconf 89' lang='lat' dir='ltr'>scriptio-</span> 
     </span>
     <span class='ocr_line' id='line_1_15' title="bbox 45 2001 1116 2104; baseline 0.004 -24"><span class='ocrx_word' id='word_1_92' title='bbox 45 2027 112 2082; x_wconf 84' lang='lat' dir='ltr'>oee</span> <span class='ocrx_word' id='word_1_93' title='bbox 140 2015 182 2080; x_wconf 89' lang='lat' dir='ltr'>et</span> <span class='ocrx_word' id='word_1_94' title='bbox 210 2003 463 2091; x_wconf 84' lang='lat' dir='ltr'>recitationes,</span> <span class='ocrx_word' id='word_1_95' title='bbox 491 2005 690 2102; x_wconf 85' lang='lat' dir='ltr'>inquibus</span> <span class='ocrx_word' id='word_1_96' title='bbox 722 2025 792 2080; x_wconf 92' lang='lat' dir='ltr'>nec</span> <span class='ocrx_word' id='word_1_97' title='bbox 822 2001 1116 2104; x_wconf 81' lang='lat' dir='ltr'>perspicuitatem</span> 
     </span>
     <span class='ocr_line' id='line_1_16' title="bbox 44 2116 1114 2218; baseline 0.006 -24"><span class='ocrx_word' id='word_1_98' title='bbox 44 2118 302 2214; x_wconf 71' lang='lat' dir='ltr'>sermonisque</span> <span class='ocrx_word' id='word_1_99' title='bbox 318 2116 593 2216; x_wconf 83' lang='lat' dir='ltr'>proprietatem,</span> <span class='ocrx_word' id='word_1_100' title='bbox 612 2117 873 2198; x_wconf 86' lang='lat' dir='ltr'>multominus</span> <span class='ocrx_word' id='word_1_101' title='bbox 893 2119 1114 2218; x_wconf 81' lang='lat' dir='ltr'>elegantiam</span> 
     </span>
     <span class='ocr_line' id='line_1_17' title="bbox 45 2231 1115 2330; baseline 0.005 -21"><span class='ocrx_word' id='word_1_102' title='bbox 45 2248 83 2309; x_wconf 92' lang='lat' dir='ltr'>et</span> <span class='ocrx_word' id='word_1_103' title='bbox 122 2231 349 2315; x_wconf 75' lang='lat' dir='ltr'>tenultatem</span> <span class='ocrx_word' id='word_1_104' title='bbox 382 2233 626 2330; x_wconf 81' lang='lat' dir='ltr'>requirimus3</span> <span class='ocrx_word' id='word_1_105' title='bbox 675 2231 755 2310; x_wconf 81' lang='lat' dir='ltr'>satia</span> <span class='ocrx_word' id='word_1_106' title='bbox 789 2231 965 2312; x_wconf 82' lang='lat' dir='ltr'>habentes</span> <span class='ocrx_word' id='word_1_107' title='bbox 1004 2239 1115 2314; x_wconf 82' lang='lat' dir='ltr'>verba</span> 
     </span>
     <span class='ocr_line' id='line_1_18' title="bbox 44 2343 1114 2450; baseline 0.003 -26"><span class='ocrx_word' id='word_1_108' title='bbox 44 2346 357 2445; x_wconf 87' lang='lat' dir='ltr'>compendiorum</span> <span class='ocrx_word' id='word_1_109' title='bbox 374 2359 411 2419; x_wconf 92' lang='lat' dir='ltr'>et</span> <span class='ocrx_word' id='word_1_110' title='bbox 437 2343 665 2444; x_wconf 82' lang='lat' dir='ltr'>systematum</span> <span class='ocrx_word' id='word_1_111' title='bbox 690 2345 902 2450; x_wconf 83' lang='lat' dir='ltr'>effundere3</span> <span class='ocrx_word' id='word_1_112' title='bbox 928 2350 977 2426; x_wconf 88' lang='lat' dir='ltr'>ita</span> <span class='ocrx_word' id='word_1_113' title='bbox 1004 2361 1042 2426; x_wconf 76' lang='lat' dir='ltr'>vt</span> <span class='ocrx_word' id='word_1_114' title='bbox 1066 2371 1114 2427; x_wconf 89' lang='lat' dir='ltr'>ne</span> 
     </span>
     <span class='ocr_line' id='line_1_19' title="bbox 51 2457 1155 2563; baseline -0.001 -27"><span class='ocrx_word' id='word_1_115' title='bbox 51 2462 205 2558; x_wconf 85' lang='lat' dir='ltr'>quidem</span> <span class='ocrx_word' id='word_1_116' title='bbox 234 2457 414 2536; x_wconf 82' lang='lat' dir='ltr'>subtiliter</span> <span class='ocrx_word' id='word_1_117' title='bbox 447 2463 608 2557; x_wconf 80' lang='lat' dir='ltr'>cogitata</span> <span class='ocrx_word' id='word_1_118' title='bbox 638 2457 806 2538; x_wconf 87' lang='lat' dir='ltr'>sermone</span> <span class='ocrx_word' id='word_1_119' title='bbox 834 2461 1006 2563; x_wconf 85' lang='lat' dir='ltr'>populari</span> <span class='ocrx_word' id='word_1_120' title='bbox 1033 2461 1116 2561; x_wconf 76' lang='lat' dir='ltr'>red·¹</span> <span class='ocrx_word' id='word_1_121' title='bbox 1152 2513 1155 2525; x_wconf 82' lang='grc'>.</span> 
     </span>
    </p>

    <p class='ocr_par' dir='ltr' id='par_1_3' title="bbox 43 2571 1208 3584">
     <span class='ocr_line' id='line_1_20' title="bbox 53 2571 1199 2672; baseline 0.003 -23"><span class='ocrx_word' id='word_1_122' title='bbox 53 2573 142 2650; x_wconf 88' lang='lat' dir='ltr'>dere</span> <span class='ocrx_word' id='word_1_123' title='bbox 164 2587 202 2648; x_wconf 94' lang='lat' dir='ltr'>et</span> <span class='ocrx_word' id='word_1_124' title='bbox 223 2571 483 2672; x_wconf 83' lang='lat' dir='ltr'>repraesentate</span> <span class='ocrx_word' id='word_1_125' title='bbox 508 2572 607 2660; x_wconf 80' lang='lat' dir='ltr'>aliie.</span> <span class='ocrx_word' id='word_1_126' title='bbox 626 2614 631 2628; x_wconf 71' lang='lat'>=</span> <span class='ocrx_word' id='word_1_127' title='bbox 648 2595 760 2670; x_wconf 87' lang='lat' dir='ltr'>quam</span> <span class='ocrx_word' id='word_1_128' title='bbox 783 2572 951 2650; x_wconf 81' lang='lat' dir='ltr'>scientiae</span> <span class='ocrx_word' id='word_1_129' title='bbox 968 2588 1006 2650; x_wconf 92' lang='lat' dir='ltr'>et</span> <span class='ocrx_word' id='word_1_130' title='bbox 1027 2575 1115 2652; x_wconf 84' lang='lat' dir='ltr'>attia</span> <span class='ocrx_word' id='word_1_131' title='bbox 1196 2585 1199 2593; x_wconf 90' lang='lat'>&#39;</span> 
     </span>
     <span class='ocr_line' id='line_1_21' title="bbox 51 2679 1208 2783; baseline -0.002 -19"><span class='ocrx_word' id='word_1_132' title='bbox 51 2685 256 2776; x_wconf 81' lang='lat' dir='ltr'>vocabulis.</span> <span class='ocrx_word' id='word_1_133' title='bbox 286 2687 533 2764; x_wconf 76' lang='lat' dir='ltr'>didicerimus.</span> <span class='ocrx_word' id='word_1_134' title='bbox 591 2681 830 2783; x_wconf 80' lang='lat' dir='ltr'>Posteaquam</span> <span class='ocrx_word' id='word_1_135' title='bbox 862 2699 986 2764; x_wconf 81' lang='lat' dir='ltr'>tutem</span> <span class='ocrx_word' id='word_1_136' title='bbox 1009 2681 1125 2764; x_wconf 55' lang='lat' dir='ltr'>disci·x</span> <span class='ocrx_word' id='word_1_137' title='bbox 1205 2679 1208 2688; x_wconf 84' lang='lat'>&#39;</span> 
     </span>
     <span class='ocr_line' id='line_1_22' title="bbox 43 2795 1112 2903; baseline -0.002 -25"><span class='ocrx_word' id='word_1_138' title='bbox 43 2802 155 2903; x_wconf 85' lang='lat' dir='ltr'>plina-</span> <span class='ocrx_word' id='word_1_139' title='bbox 173 2798 428 2902; x_wconf 84' lang='lat' dir='ltr'>philosophica</span> <span class='ocrx_word' id='word_1_140' title='bbox 454 2802 491 2876; x_wconf 91' lang='lat' dir='ltr'>in</span> <span class='ocrx_word' id='word_1_141' title='bbox 515 2810 572 2877; x_wconf 89' lang='lat' dir='ltr'>tot</span> <span class='ocrx_word' id='word_1_142' title='bbox 596 2795 701 2874; x_wconf 68' lang='lat' dir='ltr'>sedat</span> <span class='ocrx_word' id='word_1_143' title='bbox 723 2797 819 2874; x_wconf 84' lang='lat' dir='ltr'>inter</span> <span class='ocrx_word' id='word_1_144' title='bbox 845 2795 879 2874; x_wconf 89' lang='lat' dir='ltr'>se</span> <span class='ocrx_word' id='word_1_145' title='bbox 904 2795 1112 2876; x_wconf 81' lang='lat' dir='ltr'>diffidentes</span> 
     </span>
     <span class='ocr_line' id='line_1_23' title="bbox 48 2906 1114 3018; baseline -0.002 -26"><span class='ocrx_word' id='word_1_146' title='bbox 48 2918 204 2996; x_wconf 86' lang='lat' dir='ltr'>diremta</span> <span class='ocrx_word' id='word_1_147' title='bbox 233 2906 305 3011; x_wconf 71' lang='lat' dir='ltr'>est,</span> <span class='ocrx_word' id='word_1_148' title='bbox 350 2913 473 2992; x_wconf 83' lang='lat' dir='ltr'>schola</span> <span class='ocrx_word' id='word_1_149' title='bbox 503 2913 655 3018; x_wconf 82' lang='lat' dir='ltr'>quaeuie</span> <span class='ocrx_word' id='word_1_150' title='bbox 685 2934 762 2990; x_wconf 90' lang='lat' dir='ltr'>uon</span> <span class='ocrx_word' id='word_1_151' title='bbox 797 2910 862 2990; x_wconf 85' lang='lat' dir='ltr'>nist</span> <span class='ocrx_word' id='word_1_152' title='bbox 893 2911 1012 2990; x_wconf 70' lang='lat' dir='ltr'>verbis</span> <span class='ocrx_word' id='word_1_153' title='bbox 1043 2911 1114 2992; x_wconf 84' lang='lat' dir='ltr'>lule</span> 
     </span>
     <span class='ocr_line' id='line_1_24' title="bbox 47 3026 1114 3126; baseline 0 -20"><span class='ocrx_word' id='word_1_154' title='bbox 47 3030 277 3108; x_wconf 71' lang='lat' dir='ltr'>solennibus</span> <span class='ocrx_word' id='word_1_155' title='bbox 304 3026 423 3105; x_wconf 86' lang='lat' dir='ltr'>seusus</span> <span class='ocrx_word' id='word_1_156' title='bbox 452 3027 534 3106; x_wconf 85' lang='lat' dir='ltr'>suos</span> <span class='ocrx_word' id='word_1_157' title='bbox 556 3041 593 3106; x_wconf 90' lang='lat' dir='ltr'>et</span> <span class='ocrx_word' id='word_1_158' title='bbox 613 3029 772 3126; x_wconf 83' lang='lat' dir='ltr'>cogitata</span> <span class='ocrx_word' id='word_1_159' title='bbox 797 3026 982 3106; x_wconf 83' lang='lat' dir='ltr'>declarate</span> <span class='ocrx_word' id='word_1_160' title='bbox 1005 3027 1114 3116; x_wconf 81' lang='lat' dir='ltr'>valet.</span> 
     </span>
     <span class='ocr_line' id='line_1_25' title="bbox 48 3140 1115 3249; baseline 0 -29"><span class='ocrx_word' id='word_1_161' title='bbox 48 3147 99 3221; x_wconf 85' lang='lat' dir='ltr'>ita</span> <span class='ocrx_word' id='word_1_162' title='bbox 129 3158 168 3220; x_wconf 84' lang='lat' dir='ltr'>vt</span> <span class='ocrx_word' id='word_1_163' title='bbox 193 3142 239 3231; x_wconf 87' lang='lat' dir='ltr'>fi,</span> <span class='ocrx_word' id='word_1_164' title='bbox 273 3142 367 3249; x_wconf 80' lang='lat' dir='ltr'>alius</span> <span class='ocrx_word' id='word_1_165' title='bbox 394 3140 512 3218; x_wconf 86' lang='lat' dir='ltr'>sermo</span> <span class='ocrx_word' id='word_1_166' title='bbox 541 3141 810 3220; x_wconf 75' lang='lat' dir='ltr'>substituendus</span> <span class='ocrx_word' id='word_1_167' title='bbox 844 3141 912 3226; x_wconf 81' lang='lat' dir='ltr'>est,</span> <span class='ocrx_word' id='word_1_168' title='bbox 942 3142 1115 3220; x_wconf 86' lang='lat' dir='ltr'>obmute-</span> 
     </span>
     <span class='ocr_line' id='line_1_26' title="bbox 49 3245 1116 3357; baseline -0.002 -23"><span class='ocrx_word' id='word_1_169' title='bbox 49 3259 224 3338; x_wconf 86' lang='lat' dir='ltr'>scendum</span> <span class='ocrx_word' id='word_1_170' title='bbox 254 3257 346 3357; x_wconf 75' lang='lat' dir='ltr'>iplie</span> <span class='ocrx_word' id='word_1_171' title='bbox 365 3253 426 3334; x_wconf 86' lang='lat' dir='ltr'>lit:</span> <span class='ocrx_word' id='word_1_172' title='bbox 463 3255 490 3332; x_wconf 89' lang='lat' dir='ltr'>sr</span> <span class='ocrx_word' id='word_1_173' title='bbox 517 3245 906 3356; x_wconf 86' lang='lat' dir='ltr'>modo&#39;philolophur</span> <span class='ocrx_word' id='word_1_174' title='bbox 932 3251 1009 3332; x_wconf 83' lang='lat' dir='ltr'>surr</span> <span class='ocrx_word' id='word_1_175' title='bbox 1034 3255 1116 3356; x_wconf 90' lang='lat' dir='ltr'>opi·</span> 
     </span>
     <span class='ocr_line' id='line_1_27' title="bbox 51 3363 1114 3470; baseline -0.002 -22"><span class='ocrx_word' id='word_1_176' title='bbox 51 3376 183 3451; x_wconf 83' lang='lat' dir='ltr'>ninnee</span> <span class='ocrx_word' id='word_1_177' title='bbox 208 3370 351 3468; x_wconf 84' lang='lat' dir='ltr'>tuendo</span> <span class='ocrx_word' id='word_1_178' title='bbox 369 3391 531 3470; x_wconf 81' lang='lat' dir='ltr'>unquam</span> <span class='ocrx_word' id='word_1_179' title='bbox 555 3369 755 3447; x_wconf 85' lang='lat' dir='ltr'>obmutuit.</span> <span class='ocrx_word' id='word_1_180' title='bbox 814 3368 918 3445; x_wconf 85' lang='lat' dir='ltr'>Adeo</span> <span class='ocrx_word' id='word_1_181' title='bbox 937 3363 1114 3446; x_wconf 83' lang='lat' dir='ltr'>recessum</span> 
     </span>
     <span class='ocr_line' id='line_1_28' title="bbox 53 3479 1117 3584; baseline -0.004 -20"><span class='ocrx_word' id='word_1_182' title='bbox 53 3487 100 3564; x_wconf 84' lang='lat' dir='ltr'>eli</span> <span class='ocrx_word' id='word_1_183' title='bbox 135 3489 182 3564; x_wconf 92' lang='lat' dir='ltr'>ab</span> <span class='ocrx_word' id='word_1_184' title='bbox 226 3483 290 3564; x_wconf 89' lang='lat' dir='ltr'>vlu</span> <span class='ocrx_word' id='word_1_185' title='bbox 326 3497 513 3576; x_wconf 84' lang='lat' dir='ltr'>veterum,</span> <span class='ocrx_word' id='word_1_186' title='bbox 564 3484 632 3584; x_wconf 90' lang='lat' dir='ltr'>qui</span> <span class='ocrx_word' id='word_1_187' title='bbox 672 3479 876 3582; x_wconf 87' lang='lat' dir='ltr'>eloquendi</span> <span class='ocrx_word' id='word_1_188' title='bbox 914 3493 1029 3560; x_wconf 87' lang='lat' dir='ltr'>artem</span> <span class='ocrx_word' id='word_1_189' title='bbox 1070 3479 1117 3560; x_wconf 88' lang='lat' dir='ltr'>ad</span> 
     </span>
    </p>
   </div>
   <div class='ocr_carea' id='block_1_3' title="bbox 52 3591 1248 3700">
    <p class='ocr_par' dir='ltr' id='par_1_4' title="bbox 52 3591 1248 3700">
     <span class='ocr_line' id='line_1_29' title="bbox 52 3591 1248 3700; baseline -0.007 -21"><span class='ocrx_word' id='word_1_190' title='bbox 52 3601 217 3700; x_wconf 80' lang='lat' dir='ltr'>publicus</span> <span class='ocrx_word' id='word_1_191' title='bbox 231 3600 418 3676; x_wconf 79' lang='lat' dir='ltr'>orationes</span> <span class='ocrx_word' id='word_1_192' title='bbox 435 3597 510 3674; x_wconf 86' lang='lat' dir='ltr'>sere</span> <span class='ocrx_word' id='word_1_193' title='bbox 525 3596 617 3676; x_wconf 84' lang='lat' dir='ltr'>solae</span> <span class='ocrx_word' id='word_1_194' title='bbox 631 3595 848 3678; x_wconf 83' lang='lat' dir='ltr'>retulerunt.</span> <span class='ocrx_word' id='word_1_195' title='bbox 862 3591 1118 3696; x_wconf 86' lang='lat' dir='ltr'>descriptione</span> <span class='ocrx_word' id='word_1_196' title='bbox 1243 3604 1248 3689; x_wconf 64' lang='lat' dir='ltr'>J</span> 
     </span>
    </p>
   </div>
   <div class='ocr_carea' id='block_1_4' title="bbox 54 3707 1159 3928">
    <p class='ocr_par' dir='ltr' id='par_1_5' title="bbox 54 3707 1159 3928">
     <span class='ocr_line' id='line_1_30' title="bbox 54 3707 1159 3814; baseline -0.004 -22"><span class='ocrx_word' id='word_1_197' title='bbox 54 3729 88 3792; x_wconf 88' lang='lat' dir='ltr'>et</span> <span class='ocrx_word' id='word_1_198' title='bbox 123 3715 207 3794; x_wconf 87' lang='lat' dir='ltr'>stilo</span> <span class='ocrx_word' id='word_1_199' title='bbox 237 3714 464 3814; x_wconf 83' lang='lat' dir='ltr'>nequidem</span> <span class='ocrx_word' id='word_1_200' title='bbox 493 3712 533 3788; x_wconf 87' lang='lat' dir='ltr'>in</span> <span class='ocrx_word' id='word_1_201' title='bbox 567 3709 699 3790; x_wconf 82' lang='lat' dir='ltr'>scholia</span> <span class='ocrx_word' id='word_1_202' title='bbox 726 3707 1009 3809; x_wconf 72' lang='lat' dir='ltr'>praecipiendot</span> <span class='ocrx_word' id='word_1_203' title='bbox 1048 3731 1119 3788; x_wconf 83' lang='lat' dir='ltr'>nor</span> <span class='ocrx_word' id='word_1_204' title='bbox 1156 3785 1159 3796; x_wconf 79' lang='grc'>,</span> 
     </span>
     <span class='ocr_line' id='line_1_31' title="bbox 54 3819 1121 3928; baseline -0.008 -19"><span class='ocrx_word' id='word_1_205' title='bbox 54 3819 192 3918; x_wconf 77' lang='lat' dir='ltr'>contra,</span> <span class='ocrx_word' id='word_1_206' title='bbox 211 3827 445 3928; x_wconf 81' lang='lat' dir='ltr'>scriptionem</span> <span class='ocrx_word' id='word_1_207' title='bbox 467 3827 505 3902; x_wconf 93' lang='lat' dir='ltr'>in</span> <span class='ocrx_word' id='word_1_208' title='bbox 527 3825 660 3904; x_wconf 84' lang='lat' dir='ltr'>churtia</span> <span class='ocrx_word' id='word_1_209' title='bbox 683 3837 825 3900; x_wconf 86' lang='lat' dir='ltr'>tantum</span> <span class='ocrx_word' id='word_1_210' title='bbox 849 3842 927 3898; x_wconf 89' lang='lat' dir='ltr'>non</span> <span class='ocrx_word' id='word_1_211' title='bbox 954 3843 1023 3924; x_wconf 93' lang='lat' dir='ltr'>pro</span> <span class='ocrx_word' id='word_1_212' title='bbox 1046 3821 1121 3924; x_wconf 87' lang='lat' dir='ltr'>ipsa</span> 
     </span>
    </p>
   </div>
   <div class='ocr_carea' id='block_1_5' title="bbox 54 3931 1284 4045">
    <p class='ocr_par' dir='ltr' id='par_1_6' title="bbox 54 3931 1284 4045">
     <span class='ocr_line' id='line_1_32' title="bbox 54 3931 1284 4045; baseline -0.006 -26"><span class='ocrx_word' id='word_1_213' title='bbox 54 3943 258 4045; x_wconf 84' lang='lat' dir='ltr'>eloquendi</span> <span class='ocrx_word' id='word_1_214' title='bbox 286 3954 362 4017; x_wconf 87' lang='lat' dir='ltr'>arte</span> <span class='ocrx_word' id='word_1_215' title='bbox 385 3939 585 4020; x_wconf 78' lang='lat' dir='ltr'>habemur.</span> <span class='ocrx_word' id='word_1_216' title='bbox 636 3939 773 4014; x_wconf 82' lang='lat' dir='ltr'>Verum</span> <span class='ocrx_word' id='word_1_217' title='bbox 799 3933 881 4020; x_wconf 80' lang='lat' dir='ltr'>istie,</span> <span class='ocrx_word' id='word_1_218' title='bbox 913 3934 960 4016; x_wconf 86' lang='lat' dir='ltr'>de</span> <span class='ocrx_word' id='word_1_219' title='bbox 984 3939 1122 4038; x_wconf 71' lang='lat' dir='ltr'>quibui</span> <span class='ocrx_word' id='word_1_220' title='bbox 1211 3931 1217 3952; x_wconf 82' lang='lat'><strong><em>‘</em></strong></span> <span class='ocrx_word' id='word_1_221' title='bbox 1275 4003 1284 4025; x_wconf 79' lang='grc'><em>,</em></span> 
     </span>
    </p>
   </div>
   <div class='ocr_carea' id='block_1_6' title="bbox 55 4047 1131 4244">
    <p class='ocr_par' dir='ltr' id='par_1_7' title="bbox 55 4047 1131 4244">
     <span class='ocr_line' id='line_1_33' title="bbox 55 4047 1125 4244; baseline -0.006 -110"><span class='ocrx_word' id='word_1_222' title='bbox 55 4065 219 4160; x_wconf 70' lang='lat' dir='ltr'>agimun·</span> <span class='ocrx_word' id='word_1_223' title='bbox 235 4057 428 4164; x_wconf 71' lang='lat' dir='ltr'>aetatibun</span> <span class='ocrx_word' id='word_1_224' title='bbox 459 4051 594 4138; x_wconf 69' lang='lat' dir='ltr'>onius</span> <span class='ocrx_word' id='word_1_225' title='bbox 616 4047 817 4244; x_wconf 53' lang='lat' dir='ltr'>‹liscipliuit</span> <span class='ocrx_word' id='word_1_226' title='bbox 840 4051 983 4146; x_wconf 79' lang='lat' dir='ltr'>ceterlr.</span> <span class='ocrx_word' id='word_1_227' title='bbox 1001 4049 1125 4240; x_wconf 73' lang='lat' dir='ltr'>utqui·</span> 
     </span>
     <span class='ocr_line' id='line_1_34' title="bbox 677 4183 1131 4244; baseline -0.013 0"><span class='ocrx_word' id='word_1_228' title='bbox 677 4189 701 4244; x_wconf 82' lang='lat'><em>2</em></span> <span class='ocrx_word' id='word_1_229' title='bbox 1067 4183 1131 4240; x_wconf 84' lang='lat' dir='ltr'>ere</span> 
     </span>
    </p>
   </div>
   <div class='ocr_carea' id='block_1_7' title="bbox 0 0 1345 4674">
    <p class='ocr_par' dir='ltr' id='par_1_8' title="bbox 0 0 1345 4674">
     <span class='ocr_line' id='line_1_35' title="bbox 0 0 1345 4674; baseline 0 0"><span class='ocrx_word' id='word_1_230' title='bbox 0 0 1345 4674; x_wconf 95' lang='lat' dir='ltr'> </span> 
     </span>
    </p>
   </div>
  </div>
 </body>
</html>
